% AI
@book{poole2010artificial,
  title={Artificial Intelligence: foundations of computational agents},
  author={Poole, David L and Mackworth, Alan K},
  year={2010},
  publisher={Cambridge University Press}
}

% NER
@article{nadeau2007survey,
  title={A survey of named entity recognition and classification},
  author={Nadeau, David and Sekine, Satoshi},
  journal={Lingvisticae Investigationes},
  volume={30},
  number={1},
  pages={3--26},
  year={2007},
  publisher={John Benjamins}
}

% Digitsation of news consumption
@article{ripolles2012beyond,
  title={Beyond newspapers: News consumption among young people in the digital era},
  author={Ripoll{\'e}s, Andreu Casero},
  journal={Comunicar. Media Education Research Journal},
  volume={20},
  number={2},
  year={2012}
}

@article{bennett2008digital,
  title={The ‘digital natives’ debate: A critical review of the evidence},
  author={Bennett, Sue and Maton, Karl and Kervin, Lisa},
  journal={British journal of educational technology},
  volume={39},
  number={5},
  pages={775--786},
  year={2008},
  publisher={Wiley Online Library}
}

% Google News
@inproceedings{das2007google,
  title={Google news personalization: scalable online collaborative filtering},
  author={Das, Abhinandan S and Datar, Mayur and Garg, Ashutosh and Rajaram, Shyam},
  booktitle={Proceedings of the 16th international conference on World Wide Web},
  pages={271--280},
  year={2007}
}